@ARTICLE{artigoOriginal,
  author = {John Annett and Keith Duncan},
  title = {Task analysis and training design},
  journal = {Occupational Psychology},
  year = {1967},
  volume = {41},
  note = {Universidade de  Hull (Inglaterra) - Departamento de Psicologia},
  owner = {rodolfolabiapari},
  timestamp = {2015.05.30},
  url = {http://files.eric.ed.gov/fulltext/ED019566.pdf}
}

@Book{BARBOSA2010,
  Title                    = {Itera{\c c}{\~a}o Humano-Computador},
  Author                   = {Barbosa, Simone Diniz Junqueira Barbosa and Silva, Bruno Santana},
  Publisher                = {Elsevier},
  Year                     = {2010},
  Owner                    = {Nael},
  Timestamp                = {2015.04.10}
}

@Book{Diaper2003,
  Title                    = {The Handbook of Task Analysis for Human-Computer Interaction},
  Author                   = {Diaper, Dan and Stanton, Neville},
  Publisher                = {CRC Press},
  Year                     = {2003},
  Owner                    = {Nael},
  Timestamp                = {2015.05.29}
}

@Book{Hollnagel2003,
  Title                    = {Handbook of Cognitive Task Design},
  Author                   = {Hollnagel, Erik},
  Publisher                = {Lawrence Erlbaum Associates},
  Year                     = {2003},
  Address                  = {Mahwah, New Jersey},
  Owner                    = {Nael},
  Timestamp                = {2015.05.29}
}